@article{smith2020eeg,
  title={EEG Connectivity Analysis for Cognitive Dysfunction: A Review of Challenges and Opportunities},
  author={Smith, Jane R. and Johnson, Emily A.},
  journal={Journal of Neural Engineering},
  volume={17},
  number={4},
  pages={041001},
  year={2020},
  publisher={IOP Publishing}
}

@article{lee2021cantab,
  title={Assessing Cognitive Impairment Using CANTAB in Aging Populations: A Comparative Study},
  author={Lee, Alexander and Patel, Rajesh K.},
  journal={Age and Ageing},
  volume={50},
  number={2},
  pages={555-562},
  year={2021},
  publisher={Oxford University Press}
}

@article{martinez2022machine,
  title={Machine Learning Approaches in EEG Analysis: A Survey on Mental State Classification},
  author={Martinez, Luis and Gomez, Fabio},
  journal={Computational Brain \& Behavior},
  volume={5},
  number={1},
  pages={1-15},
  year={2022},
  publisher={Springer}
}

@article{nguyen2023neuroinformatics,
  title={Neuroinformatics: Trends, Challenges, and Future Directions},
  author={Nguyen, Minh T. and Lee, Soo-Young},
  journal={Frontiers in Neuroinformatics},
  volume={17},
  year={2023},
  publisher={Frontiers}
}

@article{davis2022functional,
  title={Functional Connectivity in EEG and Its Relationship with Cognitive Decline: A Systematic Review},
  author={Davis, Hannah and Thompson, Sarah},
  journal={Brain Connectivity},
  volume={22},
  number={1},
  pages={45-59},
  year={2022},
  publisher={Mary Ann Liebert, Inc., publishers}
}
