@article{smith2023gutbrain,
  title={Exploring the Gut-Brain Connection in IBS},
  author={Smith, John and Doe, Jane},
  journal={Journal of Gastroenterology},
  volume={45},
  number={3},
  pages={123-134},
  year={2023},
  publisher={Elsevier}
}

@article{johnson2023mixedmodel,
  title={Application of Mixed Models in Gut Microbiota Research},
  author={Johnson, Alex and Richards, Emily},
  journal={Statistics in Medicine},
  volume={67},
  number={2},
  pages={567-580},
  year={2023},
  publisher={Wiley}
}

@article{doe2023ibsstudy,
  title={A Comprehensive Study of IBS: Insights from a Longitudinal Approach},
  author={Doe, Jane and Smith, John},
  journal={Clinical Gastroenterology},
  volume={78},
  number={1},
  pages={234-245},
  year={2023},
  publisher={Springer}
}
